@article{fuentes2005,
  title={Model evaluation and spatial interpolation by Bayesian combination of observations with outputs from numerical models},
  author={Fuentes, Montserrat and Raftery, Adrian E},
  journal={Biometrics},
  volume={61},
  number={1},
  pages={36--45},
  year={2005},
  publisher={Wiley Online Library},
  doi = {10.1111/j.0006-341X.2005.030821.x},
  URL = {
        https://doi.org/10.1111/j.0006-341x.2005.030821.x
}
}

@article{ma2019,
author = {Pulong Ma and Emily L. Kang and Amy J. Braverman and Hai M. Nguyen},
title = {Spatial Statistical Downscaling for Constructing High-Resolution Nature Runs in Global Observing System Simulation Experiments},
journal = {Technometrics},
volume = {61},
number = {3},
pages = {322-340},
year  = {2019},
publisher = {Taylor & Francis},
doi = {10.1080/00401706.2018.1524791},

URL = {
        https://doi.org/10.1080/00401706.2018.1524791
},
eprint = {

        https://doi.org/10.1080/00401706.2018.1524791
}

}

@article{moses2022museum,
  title={Museum of spatial transcriptomics},
  author={Moses, Lambda and Pachter, Lior},
  journal={Nature Methods},
  volume={19},
  number={5},
  pages={534--546},
  year={2022},
  publisher={Nature Publishing Group US New York},
  URL = {
        https://doi.org/10.1038/s41592-022-01494-3
},
}